<record><leader>00000cas a22000007a 4500</leader><controlfield tag="001">25689211</controlfield><controlfield tag="008">920422d18941900nyuwr ne      0    0eng d</controlfield><controlfield tag="009">550</controlfield><datafield ind1=" " ind2=" " tag="010"><subfield code="a">sn 92061614 </subfield></datafield><datafield ind1=" " ind2=" " tag="040"><subfield code="a">NYS</subfield><subfield code="b">eng</subfield><subfield code="c">NYS</subfield></datafield><datafield ind1=" " ind2=" " tag="042"><subfield code="a">msc</subfield></datafield><datafield ind1="0" ind2=" " tag="130"><subfield code="a">Newport journal (Newport, N.Y.)</subfield></datafield><datafield ind1="0" ind2="0" tag="245"><subfield code="a">Newport journal.</subfield></datafield><datafield ind1=" " ind2=" " tag="260"><subfield code="a">Newport, N.Y. :</subfield><subfield code="b">L.B. Tuttle,</subfield><subfield code="c">1894-1900.</subfield></datafield><datafield ind1=" " ind2=" " tag="300"><subfield code="a">6 v. ; 55 cm.</subfield></datafield><datafield ind1=" " ind2=" " tag="310"><subfield code="a">Weekly</subfield></datafield><datafield ind1="0" ind2=" " tag="362"><subfield code="a">Vol. 1, no. 1 (Oct. 18, 1894-v. 6, no. 39 (July 19, 1900).</subfield></datafield><datafield ind1=" " ind2=" " tag="500"><subfield code="a">"Independent."</subfield></datafield><datafield ind1=" " ind2="4" tag="651"><subfield code="a">Newport (N.Y.)</subfield><subfield code="v">Newspapers.</subfield></datafield><datafield ind1=" " ind2="0" tag="651"><subfield code="a">Herkimer County</subfield><subfield code="v">Newspapers.</subfield></datafield><datafield ind1=" " ind2=" " tag="752"><subfield code="a">United States</subfield><subfield code="b">New York</subfield><subfield code="c">Herkimer</subfield><subfield code="d">Newport.</subfield></datafield><datafield ind1="0" ind2="0" tag="785"><subfield code="t">Journal (Newport, N.Y.)</subfield><subfield code="w">(DLC)sn 92061606</subfield><subfield code="w">(OCoLC)25702571</subfield></datafield></record>